@article{puterman2014markov,
	title={Markov decision processes: discrete stochastic dynamic programming},
	author={Puterman, Martin L},
	year={2014},
	publisher={John Wiley \& Sons}
}