{\rtf1\ansi\ansicpg1252\cocoartf2513
\cocoatextscaling0\cocoaplatform0{\fonttbl\f0\fmodern\fcharset0 Courier;}
{\colortbl;\red255\green255\blue255;\red0\green0\blue0;}
{\*\expandedcolortbl;;\cssrgb\c0\c0\c0;}
\paperw11900\paperh16840\margl1440\margr1440\vieww18640\viewh8400\viewkind0
\deftab720
\pard\pardeftab720\partightenfactor0

\f0\fs26 \cf0 \expnd0\expndtw0\kerning0
@book\{puterman2014markov,\
  title=\{Markov decision processes: discrete stochastic dynamic programming\},\
  author=\{Puterman, Martin L\},\
  year=\{2014\},\
  publisher=\{John Wiley \\& Sons\}\
\}}